@misc{xtext,
	title = {Xtext},
	year = {2013},
	howpublished = "\url{https://eclipse.org/Xtext/}",
}

@misc{extensionpoints,
	title = {Vogella},
	year = {2013},
	howpublished = "\url{http://www.vogella.com/tutorials/EclipseExtensionPoint/article.html}",
}

@MISC{uforth,
    author = {Klaus Schleisiek},
    title = {uForth real time, object oriented with debugger},
    year = {2013}
}

@MISC{ucore,
    author = {Klaus Schleisiek},
    title = {open, scalabale, dual Stack, Harvard Processor for embedded Control},
    year = {2013}
}

@MISC{ddt,
    author = {Bruno Medeiros},
    title = {D Development Tools},
		howpublished = "\url{https://github.com/bruno-medeiros/DDT}",
}

@misc{antlr,
	title = {ANTLR},
	howpublished = "\url{http://www.antlr.org/}",
}

@misc{gdb,
	title = {The GDB/MI Interface},
	howpublished = "\url{https://sourceware.org/gdb/onlinedocs/gdb/GDB_002fMI.html}",

}

@misc{mieclipse,
	title = {Understanding the GNU Debugger Machine Interface (gdb/MI)},
	howpublished = "\url{http://www.ibm.com/developerworks/library/os-eclipse-cdt-debug2/}",
}
